@Misc{ Gephi,
	title = "Gephi",
	url = "http://gephi.org/"
}

@Misc{ INVOVIS,
	title = "JavaScript InvoVis Toolkit",
	url = "http://thejit.org/"
}

@Misc{ JUNG,
	title = "Java Universal Network/Graph Framework",
	url = "http://jung.sourceforge.net/"
}

@Misc{ GoogleChart,
	title = "Google Chart Tools",
	url = "http://code.google.com/apis/chart/"
}

@Misc{ JNETPCAP,
	title = "jNetPcap",
	url = "http://jnetpcap.com/node"
}

@Misc{ GWT,
	title = "Google Web Toolkit",
	url = "http://code.google.com/webtoolkit/"
}

@Misc{ TCPDUMP,
	title = "TCPDUMP",
	url = "http://www.tcpdump.org/"
}

@Misc{ Tomcat,
	title = "Apache Tomcat",
	url = "http://tomcat.apache.org/"
}

